% This file was created with JabRef 2.8.1.
% Encoding: UTF-8
@inproceedings{nlp1,
	author        = "Sudha Verma,Sarah Vieweg,William J. Corvey and others",
	title         = "Natural Language Processing to the Rescue?: Extracting `Situational Awareness' Tweets During Mass Emergency	",
	booktitle     = "Proc. {IEEE} of the Fifth Int. AAAI Conf. on Weblogs and Social Media",
	year          = "2012",
}
@inproceedings{nlp2,
	author        = "Larson and Keri",
	title         = "The impact of natural language processing based textual analysis of social media interactions on decision making",
	booktitle     = "Proc. of the 21st European Conf. on Information Systems",
	year          = "2012",
}
@inproceedings{nh1,
	author        = "Gourav Goel and S.N. Sachdeva",
	title         = "Identification of Accident Prone Locations Using Accident Severity Value on a Selected Stretch of NH-1",
	booktitle     = "IJERA National Conf. on Advances in Engineering and Technology",
	year          = "2014",
}
@inproceedings{rishit,
	author        = "Rishit Bhatia, Dhiraj Gurkhe, Niraj Pal",
	title         = "Sentiment Analysis Engine Using Natural Language Processing",
	year          = "2015",
	pages         = "23-28"
}
@inproceedings{nb,
	author        = "Andrew McCallum and Kamal Nigam",
	title         = "A Comparison of Event Models for Naive Bayes Text Classification",
	booktitle     = "Proc. The College of Information Sciences and Technology, The Pennsylvania State University",
	year          = "2014",
}
@inproceedings{nlp3,
	author        = "Sara Rosenthal, Apoorv Agarwal and Kathleen McKeown",
	title         = "Sentiment Detection of Sentences and Subjective Phrases
	in Social Media",
	booktitle     = "Proceedings of the 8th International Workshop on Semantic Evaluation",
	pages = "198-202",
	year          = "2014",
}
@inproceedings{nb2,
	author        = "Sang Bum Kim, Hee Cheol Seo and Hae Chang Rim",
	title         = "Poisson Naive Bayes for Text Classification with Feature Weighting",
	booktitle     = "Proc. ACL Home Association for Computational Linguistics",
}
@ARTICLE{hots,
	author = {Deepthi Jayan.K and B.Ganeshkumar},
	title = {Identification of Accident Hot Spots: A GIS Based Implementation for Kannur District, Kerala},
	journal = {INTERNATIONAL JOURNAL OF GEOMATICS AND GEOSCIENCES},
	year = {2010},
	volume = {1},
	number = {1}
}


@ARTICLE{traff,
	author = {Chandra P. Khatri},
	title = {REAL-TIME ROAD TRAFFIC INFORMATION DETECTION THROUGH
	SOCIAL MEDIA},
	year = {2015},
}

@INPROCEEDINGS{nb1,
	author = {Jiawei Han and Micheline Kamber Jian Pei},
	title = {Naive Bayesian Classification},
	booktitle = {Data Mining Concepts and Techniques, Third Edition},
	year = {2012}
}
@MISC{blog,
	author = {Marco Bonzanini},
	title = {Mining Twitter Data with Python},
	year = {2015}
}

@ARTICLE{rishit,
	author = {Rishit Bhatia and Dhiraj Gurkhe},
	title = {Sentiment Analysis Engine Using Natural Language Processing},
	year = {2014},
}


